@inproceedings{kolak2008generating,
  title={Generating links by mining quotations},
  author={Kolak, O. and Schilit, B.N.},
  booktitle={Proceedings of the nineteenth ACM conference on Hypertext and hypermedia},
  pages={117--126},
  year={2008},
  organization={ACM}
}
@book{dawkins2006selfish,
  title={The selfish gene},
  author={Dawkins, R.},
  year={2006},
  publisher={Oxford University Press, USA}
}
@inproceedings{leskovec2009meme,
  title={Meme-tracking and the dynamics of the news cycle},
  author={Leskovec, J. and Backstrom, L. and Kleinberg, J.},
  booktitle={Proceedings of the 15th ACM SIGKDD international conference on Knowledge discovery and data mining},
  pages={497--506},
  year={2009},
  organization={Citeseer}
}

@article{manning2008introduction,
  title={Introduction to information retrieval},
  author={Manning, C.D. and Raghavan, P. and Sch{\"u}tze, H.},
  year={2008},
  publisher={Cambridge University Press}
}

@inproceedings{ponte1998language,
  title={A language modeling approach to information retrieval},
  author={Ponte, J.M. and Croft, W.B.},
  booktitle={Proceedings of the 21st annual international ACM SIGIR conference on Research and development in information retrieval},
  pages={275--281},
  year={1998},
  organization={ACM}
}

@article{achananuparp2008evaluation,
  title={The evaluation of sentence similarity measures},
  author={Achananuparp, P. and Hu, X. and Shen, X.},
  journal={Data Warehousing and Knowledge Discovery},
  pages={305--316},
  year={2008},
  publisher={Springer}
}
@inproceedings{kim2009efficient,
  title={Efficient overlap and content reuse detection in blogs and online news articles},
  author={Kim, J.W. and Candan, K.S. and Tatemura, J.},
  booktitle={Proceedings of the 18th international conference on World wide web},
  pages={81--90},
  year={2009},
  organization={ACM}
}

@article{pellegrini2008scotch,
  title={Scotch and libScotch 5.1 User's Guide},
  author={Pellegrini, F.},
  year={2008}
}

